@inbook{Vollhardt2021,
  author    = {Vollhardt, Susanne
               and Schmidt, Karsten
               and Kask, Sean
               and Noga, Markus},
  editor    = {Buxmann, Peter
               and Schmidt, Holger},
  title     = {Das intelligente Unternehmen: Effiziente Prozesse mit K{\"u}nstlicher Intelligenz von SAP -- Wie Unternehmen die hohen Erwartungen an die KI erf{\"u}llen k{\"o}nnen},
  booktitle = {K{\"u}nstliche Intelligenz: Mit Algorithmen zum wirtschaftlichen Erfolg},
  year      = {2021},
  publisher = {Springer Berlin Heidelberg},
  address   = {Berlin, Heidelberg},
  pages     = {119--137},
  abstract  = {Der Einsatz der KI bringt den Vorreitern in Deutschland bereits {\"u}berdurchschnittliche Renditen und Wachstumsraten. Diese Unternehmen zeigen die Bedeutung der KI f{\"u}r die Wettbewerbsf{\"a}higkeit. Eine gro{\ss}e H{\"u}rde stellt immer noch der Schritt von der Strategie zur konkreten Umsetzung dar. Dieses Kapitel beleuchtet diese H{\"u}rden und zeigt an konkreten Produktivbeispielen die bereits erreichten Mehrwerte entlang der Wertsch{\"o}pfungskette. Basierend auf der SAP-Strategie zu KI schlie{\ss}t das Kapitel mit Erfolgsfaktoren und Handlungsempfehlungen zum erfolgreichen Einsatz von KI in Unternehmen.},
  isbn      = {978-3-662-61794-6},
  doi       = {10.1007/978-3-662-61794-6_7},
  url       = {https://doi.org/10.1007/978-3-662-61794-6_7}
}

@inbook{Sarferaz2023,
  author    = {Sarferaz, Siar},
  title     = {K{\"u}nstliche Intelligenz},
  booktitle = {ERP-Software: Funktionalit{\"a}t und Konzepte: Basierend auf SAP S/4HANA},
  year      = {2023},
  publisher = {Springer Fachmedien Wiesbaden},
  address   = {Wiesbaden},
  isbn      = {978-3-658-40499-4},
  doi       = {10.1007/978-3-658-40499-4_24},
  url       = {https://doi.org/10.1007/978-3-658-40499-4_24}
}

@article{sorensen_value_kaleidoscope,
  title   = {Value Kaleidoscope: Engaging AI with Pluralistic Human Values, Rights, and Duties},
  volume  = {38},
  url     = {https://ojs.aaai.org/index.php/AAAI/article/view/29970},
  doi     = {10.1609/aaai.v38i18.29970},
  number  = 18,
  journal = {Proceedings of the AAAI Conference on Artificial Intelligence},
  author  = {Sorensen, Taylor and Jiang, Liwei and Hwang, Jena D. and Levine, Sydney and Pyatkin, Valentina and West, Peter and Dziri, Nouha and Lu, Ximing and Rao, Kavel and Bhagavatula, Chandra and Sap, Maarten and Tasioulas, John and Choi, Yejin},
  year    = 2024,
  month   = 3,
  pages   = {19937-19947}
}

@techreport{FST_Magazin_KI,
  author      = {Claus Möhlenkamp},
  title       = {Willkommen in der KI-Ära},
  institution = {Freudenberg Sealing Technologies},
  year        = 2024,
  month       = 5,
  url         = {https://www.fst.com/de/news-stories/magazin/digitalisierung/willkommen-in-der-ki-aera/}
}

@techreport{Spritzgießen_4.0,
  author      = {Felix Georg Müller},
  title       = {Spritzgießen 4.0: KI in der Kunststoffverarbeitung bei Freudenberg},
  institution = {plus10},
  year        = 2021,
  url         = {https://www.plus10.de/news/spritzgiessen-4-0-ki-in-der-kunststoffverarbeitung-bei-freudenberg}
}

@article{Nowak2024,
  author   = {Sebastian Nowak and Alois M. Sprinkart},
  title    = {Große Sprachmodelle von OpenAI, Google, Meta, X und Co.},
  journal  = {Die Radiologie},
  year     = {2024},
  date     = {2024-06-07},
  abstract = {Die Veröffentlichung von ChatGPT löste im Jahr 2023 einen KI-Boom aus. Die zugrundeliegenden großen Sprachmodelle (Large Language Models, LLM) der gemeinnützigen Organisation „OpenAI“ sind nicht frei unter Open-Source-Lizenzen verfügbar, was keine Implementierung vor Ort in gesicherten Kliniknetzen erlaubt. Von Open-Source-Gemeinschaften, Start-ups, aber auch von großen Tech-Firmen gibt es jedoch Bestrebungen, die Anwendung von LLMs zu demokratisieren. Dies bietet die Möglichkeit, LLMs auch datenschutzkonform anzuwenden und sogar auf eigene Daten anzupassen.},
  issn     = {2731-7056},
  url      = {https://doi.org/10.1007/s00117-024-01327-8},
  doi      = {10.1007/s00117-024-01327-8}
}

@article{trapp2021,
  title     = {Künstliche Intelligenz: Wenn Algorithmen denken und Prozesse revolutionieren},
  author    = {Trapp, Mario},
  journal   = {Digitale Welt},
  volume    = {3},
  year      = {2021},
  publisher = {Fraunhofer-Institut},
  url       = {https://digitaleweltmagazin.de/d/magazin/DW_21_03.pdf}
}

@misc{akkiraju2024factsbuildingretrievalaugmented,
  title         = {FACTS About Building Retrieval Augmented Generation-based Chatbots},
  author        = {Rama Akkiraju and Anbang Xu and Deepak Bora and Tan Yu and Lu An and Vishal Seth and Aaditya Shukla and Pritam Gundecha and Hridhay Mehta and Ashwin Jha and Prithvi Raj and Abhinav Balasubramanian and Murali Maram and Guru Muthusamy and Shivakesh Reddy Annepally and Sidney Knowles and Min Du and Nick Burnett and Sean Javiya and Ashok Marannan and Mamta Kumari and Surbhi Jha and Ethan Dereszenski and Anupam Chakraborty and Subhash Ranjan and Amina Terfai and Anoop Surya and Tracey Mercer and Vinodh Kumar Thanigachalam and Tamar Bar and Sanjana Krishnan and Samy Kilaru and Jasmine Jaksic and Nave Algarici and Jacob Liberman and Joey Conway and Sonu Nayyar and Justin Boitano},
  year          = {2024},
  eprint        = {2407.07858},
  archiveprefix = {arXiv},
  primaryclass  = {cs.LG},
  url           = {https://arxiv.org/abs/2407.07858}
}

@inbook{Gupta2024,
  author    = {Gupta, Pranay},
  title     = {Overview of SAP BTP and SAP Mobile Services},
  booktitle = {Digital Transformation of SAP Supply Chain Processes: Build Mobile Apps Using SAP BTP and SAP Mobile Services},
  year      = {2024},
  publisher = {Apress},
  address   = {Berkeley, CA},
  pages     = {103--134},
  isbn      = {979-8-8688-0270-6},
  doi       = {10.1007/979-8-8688-0270-6_4},
  url       = {https://doi.org/10.1007/979-8-8688-0270-6_4}
}

@article{hrischevartificial,
  title     = {Artificial Intelligence in ERP Systems},
  author    = {Radoslav Hrischev, Nikola Shakev and Stela Stoykova},
  journal   = {Journal of Informatics and Innovative Techonologies (JIIT)},
  volume    = {4},
  year      = {2022},
  publisher = {Technical University of Sofia, Plovdiv Branch},
  url       = {http://e-university.tu-sofia.bg/e-publ/files/11141_Artificial_intelligence_in_ERP_systems.pdf}
}

@manual{llamaindex,
  title        = {LlamaIndex Documentation},
  organization = {LlamaIndex},
  year         = 2024,
  url          = {https://docs.llamaindex.ai/en/stable/},
  note         = {Accessed: 2024-07-23}
}

@misc{sap2023aiCore,
  author       = {{SAP SE}},
  title        = {Learning how to use the SAP AI Core Service on SAP Business Technology Platform},
  year         = 2023,
  url          = {https://learning.sap.com/learning-journeys/learning-how-to-use-the-sap-ai-core-service-on-sap-business-technology-platform},
  note         = {Accessed: 2024-10-17}
}

@misc{sap2024cloudFoundry,
  author       = {{SAP SE}},
  title        = {Cloud Foundry Environment},
  year         = 2024,
  url          = {https://help.sap.com/docs/btp/sap-business-technology-platform/cloud-foundry-environment},
  note         = {Accessed: 2024-11-01}
}

@misc{sap2024aiCore,
  author       = {{SAP SE}},
  title        = {What Is SAP AI Core?},
  year         = 2024,
  url          = {https://help.sap.com/docs/sap-ai-core/sap-ai-core-service-guide/what-is-sap-ai-core},
  note         = {Accessed: 2024-11-01}
}

@misc{pythonAICoreSDK,
  author       = {SAP SE, Pypi},
  title        = {SAP AI Core SDK},
  year         = 2024,
  url          = {https://pypi.org/project/ai-core-sdk/},
  note         = {Accessed: 2024-11-04}
}

@article{Woo2020,
  author={Woo, Wai Lok},
  journal={IEEE Instrumentation {\&} Measurement Magazine}, 
  title={Future trends in I{\&}M: Human-machine co-creation in the rise of AI}, 
  year={2020},
  volume={23},
  number={2},
  pages={71-73},
  doi={10.1109/MIM.2020.9062691}
  }

@InProceedings{Coleman2021,
  author="Coleman, James P. H.",
  editor="Arai, Kohei
  and Kapoor, Supriya
  and Bhatia, Rahul",
  title="AI and Our Understanding of Intelligence",
  booktitle="Intelligent Systems and Applications",
  year="2021",
  publisher="Springer International Publishing",
  address="Cham",
  pages="183--190",
  abstract="Artificial intelligence (AI) is an area of computer science that emphasizes the creation of intelligent machines that work and react like humans. It is a growing discipline that has enabled computer to undertake activities like facial recognition and game playing in a manner that, to an outsider, looks intelligent. There are many different toolsets that are called AI including neural networks, machine learning, expert systems, fuzzy logics, swarm intelligence and many others. These tools are being used in a wide variety of situations to solve a wide variety of complex problems, problems which have been difficult to solve using traditional algorithmic processes. Human intelligence and AI are sufficiently similar that tools developed to understand human intelligence can be applied to computer-based AI systems as well. Blooms Taxonomy is used to provide a definition of what constitutes intelligent computer applications. The article then considers the relationships between applications and intelligent systems.",
  isbn="978-3-030-55180-3"
}

@article{LeCun2015,
  author    = {Yann LeCun and Yoshua Bengio and Geoffrey Hinton},
  title     = {Deep learning},
  journal   = {Nature},
  year      = {2015},
  volume    = {521},
  number    = {7553},
  pages     = {436--444},
  doi       = {10.1038/nature14539},
  url       = {https://doi.org/10.1038/nature14539},
  abstract  = {Deep learning allows computational models that are composed of multiple processing layers to learn representations of data with multiple levels of abstraction. These methods have dramatically improved the state-of-the-art in speech recognition, visual object recognition, object detection and many other domains such as drug discovery and genomics. Deep learning discovers intricate structure in large data sets by using the backpropagation algorithm to indicate how a machine should change its internal parameters that are used to compute the representation in each layer from the representation in the previous layer. Deep convolutional nets have brought about breakthroughs in processing images, video, speech and audio, whereas recurrent nets have shone light on sequential data such as text and speech.},
  issn      = {1476-4687}
}

@ARTICLE{Otter2021,
  author={Otter, Daniel W. and Medina, Julian R. and Kalita, Jugal K.},
  journal={IEEE Transactions on Neural Networks and Learning Systems}, 
  title={A Survey of the Usages of Deep Learning for Natural Language Processing}, 
  year={2021},
  volume={32},
  number={2},
  pages={604-624},
  keywords={Machine learning;Natural language processing;Decoding;Neural networks;Computer architecture;Computational linguistics;Training;Computational linguistics;deep learning;machine learning;natural language processing (NLP);neural networks},
  doi={10.1109/TNNLS.2020.2979670}
}


@Inbook{Raj2019,
author="Raj, Sumit",
title="Natural Language Processing for Chatbots",
bookTitle="Building Chatbots with Python: Using Natural Language Processing and Machine Learning",
year="2019",
publisher="Apress",
address="Berkeley, CA",
pages="29--61",
abstract="This chapter is to get you started with Natural Language Processing (NLP) using Python needed to build chatbots. You will learn the basic methods and techniques of NLP using an awesome open-source library called spaCy. If you are a beginner or intermediate to the Python ecosystem, then do not worry, as you'll get to do every step that is needed to learn NLP for chatbots. This chapter not only teaches you about the methods in NLP but also takes real-life examples and demonstrates them with coding examples. We'll also discuss why a particular NLP method may be needed for chatbots. Note that NLP in itself is a skill.",
isbn="978-1-4842-4096-0",
doi="10.1007/978-1-4842-4096-0_2",
url="https://doi.org/10.1007/978-1-4842-4096-0_2"
}

@article{Cerf2023,
author = {Cerf, Vinton G.},
title = {Large Language Models},
year = {2023},
issue_date = {August 2023},
publisher = {Association for Computing Machinery},
address = {New York, NY, USA},
volume = {66},
number = {8},
issn = {0001-0782},
url = {https://doi.org/10.1145/3606337},
doi = {10.1145/3606337},
journal = {Commun. ACM},
month = jul,
pages = {7},
numpages = {1}
}



@misc{naveed2024,
      title={A Comprehensive Overview of Large Language Models}, 
      author={Humza Naveed and Asad Ullah Khan and Shi Qiu and Muhammad Saqib and Saeed Anwar and Muhammad Usman and Naveed Akhtar and Nick Barnes and Ajmal Mian},
      year={2024},
      eprint={2307.06435},
      archivePrefix={arXiv},
      primaryClass={cs.CL},
      url={https://arxiv.org/abs/2307.06435}, 
}

@misc{mielke2021,
      title={Between words and characters: A Brief History of Open-Vocabulary Modeling and Tokenization in NLP}, 
      author={Sabrina J. Mielke and Zaid Alyafeai and Elizabeth Salesky and Colin Raffel and Manan Dey and Matthias Gallé and Arun Raja and Chenglei Si and Wilson Y. Lee and Benoît Sagot and Samson Tan},
      year={2021},
      eprint={2112.10508},
      archivePrefix={arXiv},
      primaryClass={cs.CL},
      url={https://arxiv.org/abs/2112.10508}, 
}

@misc{chen2023,
      title={Benchmarking Large Language Models in Retrieval-Augmented Generation}, 
      author={Jiawei Chen and Hongyu Lin and Xianpei Han and Le Sun},
      year={2023},
      eprint={2309.01431},
      archivePrefix={arXiv},
      primaryClass={cs.CL},
      url={https://arxiv.org/abs/2309.01431}, 
}

@misc{tennenholtz2024,
      title={Demystifying Embedding Spaces using Large Language Models}, 
      author={Guy Tennenholtz and Yinlam Chow and Chih-Wei Hsu and Jihwan Jeong and Lior Shani and Azamat Tulepbergenov and Deepak Ramachandran and Martin Mladenov and Craig Boutilier},
      year={2024},
      eprint={2310.04475},
      archivePrefix={arXiv},
      primaryClass={cs.CL},
      url={https://arxiv.org/abs/2310.04475}, 
}

@article{Abdelazim2023,
title = {Semantic Embeddings for Arabic Retrieval Augmented Generation (ARAG)},
journal = {International Journal of Advanced Computer Science and Applications},
doi = {10.14569/IJACSA.2023.01411135},
url = {http://dx.doi.org/10.14569/IJACSA.2023.01411135},
year = {2023},
publisher = {The Science and Information Organization},
volume = {14},
number = {11},
author = {Hazem Abdelazim and Mohamed Tharwat and Ammar Mohamed}
}

@ARTICLE{Engelfried2010,
  author={Engelfriet, Arnoud},
  journal={IEEE Software}, 
  title={Choosing an Open Source License}, 
  year={2010},
  volume={27},
  number={1},
  pages={48-49},
  keywords={Licenses;Open source software;Software libraries;Data processing;Application software;Maintenance engineering;open source;licensing;code},
  doi={10.1109/MS.2010.5}}
